@inproceedings{li2018combinatorial,
 author = {Zhuwen Li and
Qifeng Chen and
Vladlen Koltun},
 booktitle = {Advances in Neural Information Processing Systems 31: Annual Conference
on Neural Information Processing Systems 2018, NeurIPS 2018, December
3-8, 2018, Montr{\'{e}}al, Canada},
 pages = {537--546},
 title = {Combinatorial Optimization with Graph Convolutional Networks and Guided
Tree Search},
 year = {2018}
}

@inproceedings{khalil2017learning,
 author = {Elias B. Khalil and
Hanjun Dai and
Yuyu Zhang and
Bistra Dilkina and
Le Song},
 booktitle = {Advances in Neural Information Processing Systems 30: Annual Conference
on Neural Information Processing Systems 2017, December 4-9, 2017,
Long Beach, CA, {USA}},
 pages = {6348--6358},
 title = {Learning Combinatorial Optimization Algorithms over Graphs},
 year = {2017}
}

@inproceedings{lee2018graph,
 author = {John Boaz Lee and
Ryan A. Rossi and
Xiangnan Kong},
 booktitle = {Proceedings of the 24th {ACM} {SIGKDD} International Conference on
Knowledge Discovery {\&} Data Mining, {KDD} 2018, London, UK, August
19-23, 2018},
 pages = {1666--1674},
 title = {Graph Classification using Structural Attention},
 year = {2018}
}

@article{kearnes2016molecular,
 author = {Kearnes, Steven and McCloskey, Kevin and Berndl, Marc and Pande, Vijay and Riley, Patrick},
 journal = {Journal of computer-aided molecular design},
 number = {8},
 pages = {595--608},
 title = {Molecular graph convolutions: moving beyond fingerprints},
 volume = {30},
 year = {2016}
}

@inproceedings{duvenaud2015convolutional,
 author = {David Duvenaud and
Dougal Maclaurin and
Jorge Aguilera{-}Iparraguirre and
Rafael G{\'{o}}mez{-}Bombarelli and
Timothy Hirzel and
Al{\'{a}}n Aspuru{-}Guzik and
Ryan P. Adams},
 booktitle = {Advances in Neural Information Processing Systems 28: Annual Conference
on Neural Information Processing Systems 2015, December 7-12, 2015,
Montreal, Quebec, Canada},
 pages = {2224--2232},
 title = {Convolutional Networks on Graphs for Learning Molecular Fingerprints},
 year = {2015}
}

@inproceedings{fan2019graph,
 author = {Wenqi Fan and
Yao Ma and
Qing Li and
Yuan He and
Yihong Eric Zhao and
Jiliang Tang and
Dawei Yin},
 booktitle = {The World Wide Web Conference, {WWW} 2019, San Francisco, CA, USA,
May 13-17, 2019},
 pages = {417--426},
 title = {Graph Neural Networks for Social Recommendation},
 year = {2019}
}

@inproceedings{wang2018ripplenet,
 author = {Hongwei Wang and
Fuzheng Zhang and
Jialin Wang and
Miao Zhao and
Wenjie Li and
Xing Xie and
Minyi Guo},
 booktitle = {Proceedings of the 27th {ACM} International Conference on Information
and Knowledge Management, {CIKM} 2018, Torino, Italy, October 22-26,
2018},
 pages = {417--426},
 title = {RippleNet: Propagating User Preferences on the Knowledge Graph for
Recommender Systems},
 year = {2018}
}

@article{wang2019exploring,
 author = {Wang, Hongwei and Zhang, Fuzheng and Wang, Jialin and Zhao, Miao and Li, Wenjie and Xie, Xing and Guo, Minyi},
 journal = {ACM Transactions on Information Systems (TOIS)},
 number = {3},
 pages = {1--26},
 title = {Exploring high-order user preference on the knowledge graph for recommender systems},
 volume = {37},
 year = {2019}
}

@inproceedings{qiu2018deepinf,
 author = {Jiezhong Qiu and
Jian Tang and
Hao Ma and
Yuxiao Dong and
Kuansan Wang and
Jie Tang},
 booktitle = {Proceedings of the 24th {ACM} {SIGKDD} International Conference on
Knowledge Discovery {\&} Data Mining, {KDD} 2018, London, UK, August
19-23, 2018},
 pages = {2110--2119},
 title = {DeepInf: Social Influence Prediction with Deep Learning},
 year = {2018}
}

@inproceedings{wang2018deep,
 author = {Zhouxia Wang and
Tianshui Chen and
Jimmy S. J. Ren and
Weihao Yu and
Hui Cheng and
Liang Lin},
 booktitle = {Proceedings of the Twenty-Seventh International Joint Conference on
Artificial Intelligence, {IJCAI} 2018, July 13-19, 2018, Stockholm,
Sweden},
 pages = {1021--1028},
 title = {Deep Reasoning with Knowledge Graph for Social Relationship Understanding},
 year = {2018}
}

@inproceedings{teney2017graph,
 author = {Damien Teney and
Lingqiao Liu and
Anton van den Hengel},
 booktitle = {2017 {IEEE} Conference on Computer Vision and Pattern Recognition,
{CVPR} 2017, Honolulu, HI, USA, July 21-26, 2017},
 pages = {3233--3241},
 title = {Graph-Structured Representations for Visual Question Answering},
 year = {2017}
}

@inproceedings{te2018rgcnn,
 author = {Gusi Te and
Wei Hu and
Amin Zheng and
Zongming Guo},
 booktitle = {2018 {ACM} Multimedia Conference on Multimedia Conference, {MM} 2018,
Seoul, Republic of Korea, October 22-26, 2018},
 crossref = {DBLP:conf/mm/2018},
 pages = {746--754},
 title = {{RGCNN:} Regularized Graph {CNN} for Point Cloud Segmentation},
 year = {2018}
}

@inproceedings{landrieu2018large,
 author = {Lo{\"{\i}}c Landrieu and
Martin Simonovsky},
 booktitle = {2018 {IEEE} Conference on Computer Vision and Pattern Recognition,
{CVPR} 2018, Salt Lake City, UT, USA, June 18-22, 2018},
 pages = {4558--4567},
 title = {Large-Scale Point Cloud Semantic Segmentation With Superpoint Graphs},
 year = {2018}
}

@inproceedings{qi20173d,
 author = {Xiaojuan Qi and
Renjie Liao and
Jiaya Jia and
Sanja Fidler and
Raquel Urtasun},
 booktitle = {{IEEE} International Conference on Computer Vision, {ICCV} 2017, Venice,
Italy, October 22-29, 2017},
 pages = {5209--5218},
 title = {3D Graph Neural Networks for {RGBD} Semantic Segmentation},
 year = {2017}
}

@inproceedings{yao2019graph,
 author = {Yao, Liang and Mao, Chengsheng and Luo, Yuan},
 booktitle = {Proceedings of the AAAI conference on artificial intelligence},
 number = {01},
 pages = {7370--7377},
 title = {Graph convolutional networks for text classification},
 volume = {33},
 year = {2019}
}

@inproceedings{peng2018large,
 author = {Hao Peng and
Jianxin Li and
Yu He and
Yaopeng Liu and
Mengjiao Bao and
Lihong Wang and
Yangqiu Song and
Qiang Yang},
 booktitle = {Proceedings of the 2018 World Wide Web Conference on World Wide Web,
{WWW} 2018, Lyon, France, April 23-27, 2018},
 pages = {1063--1072},
 title = {Large-Scale Hierarchical Text Classification with Recursively Regularized
Deep Graph-CNN},
 year = {2018}
}

@inproceedings{nguyen2018graph,
 author = {Thien Huu Nguyen and
Ralph Grishman},
 booktitle = {Proceedings of the Thirty-Second {AAAI} Conference on Artificial Intelligence,
(AAAI-18), the 30th innovative Applications of Artificial Intelligence
(IAAI-18), and the 8th {AAAI} Symposium on Educational Advances in
Artificial Intelligence (EAAI-18), New Orleans, Louisiana, USA, February
2-7, 2018},
 pages = {5900--5907},
 title = {Graph Convolutional Networks With Argument-Aware Pooling for Event
Detection},
 year = {2018}
}

@inproceedings{liu2018jointly,
 author = {Liu, Xiao  and
Luo, Zhunchen  and
Huang, Heyan},
 booktitle = {Proceedings of the 2018 Conference on Empirical Methods in Natural Language Processing},
 pages = {1247--1256},
 title = {Jointly Multiple Events Extraction via Attention-based Graph Information Aggregation},
 year = {2018}
}

@inproceedings{zhang2018graph,
 author = {Zhang, Yuhao  and
Qi, Peng  and
Manning, Christopher D.},
 booktitle = {Proceedings of the 2018 Conference on Empirical Methods in Natural Language Processing},
 pages = {2205--2215},
 title = {Graph Convolution over Pruned Dependency Trees Improves Relation Extraction},
 year = {2018}
}

@inproceedings{marcheggiani2017encoding,
 author = {Marcheggiani, Diego  and
Titov, Ivan},
 booktitle = {Proceedings of the 2017 Conference on Empirical Methods in Natural Language Processing},
 pages = {1506--1515},
 title = {Encoding Sentences with Graph Convolutional Networks for Semantic Role Labeling},
 year = {2017}
}

@inproceedings{marcheggiani2018exploiting,
 author = {Marcheggiani, Diego  and
Bastings, Jasmijn  and
Titov, Ivan},
 booktitle = {Proceedings of the 2018 Conference of the North {A}merican Chapter of the Association for Computational Linguistics: Human Language Technologies, Volume 2 (Short Papers)},
 pages = {486--492},
 title = {Exploiting Semantics in Neural Machine Translation with Graph Convolutional Networks},
 year = {2018}
}

@inproceedings{hamaguchi2017knowledge,
 author = {Takuo Hamaguchi and
Hidekazu Oiwa and
Masashi Shimbo and
Yuji Matsumoto},
 booktitle = {Proceedings of the Twenty-Sixth International Joint Conference on
Artificial Intelligence, {IJCAI} 2017, Melbourne, Australia, August
19-25, 2017},
 pages = {1802--1808},
 title = {Knowledge Transfer for Out-of-Knowledge-Base Entities : {A} Graph
Neural Network Approach},
 year = {2017}
}

@inproceedings{velivckovic2018graph,
 author = {Petar Velickovic and
Guillem Cucurull and
Arantxa Casanova and
Adriana Romero and
Pietro Li{\`{o}} and
Yoshua Bengio},
 booktitle = {6th International Conference on Learning Representations, {ICLR} 2018,
Vancouver, BC, Canada, April 30 - May 3, 2018, Conference Track Proceedings},
 title = {Graph Attention Networks},
 year = {2018}
}

@inproceedings{kipf2016semi,
 author = {Thomas N. Kipf and
Max Welling},
 booktitle = {5th International Conference on Learning Representations, {ICLR} 2017,
Toulon, France, April 24-26, 2017, Conference Track Proceedings},
 title = {Semi-Supervised Classification with Graph Convolutional Networks},
 year = {2017}
}

@inproceedings{vaswani2017attention,
 author = {Ashish Vaswani and
Noam Shazeer and
Niki Parmar and
Jakob Uszkoreit and
Llion Jones and
Aidan N. Gomez and
Lukasz Kaiser and
Illia Polosukhin},
 booktitle = {Advances in Neural Information Processing Systems 30: Annual Conference
on Neural Information Processing Systems 2017, December 4-9, 2017,
Long Beach, CA, {USA}},
 pages = {5998--6008},
 title = {Attention is All you Need},
 year = {2017}
}

@article{hochreiter1997long,
 author = {Hochreiter, Sepp and Schmidhuber, J{\"u}rgen},
 journal = {Neural computation},
 number = {8},
 pages = {1735--1780},
 title = {Long short-term memory},
 volume = {9},
 year = {1997}
}

@inproceedings{ying2018graph,
 author = {Rex Ying and
Ruining He and
Kaifeng Chen and
Pong Eksombatchai and
William L. Hamilton and
Jure Leskovec},
 booktitle = {Proceedings of the 24th {ACM} {SIGKDD} International Conference on
Knowledge Discovery {\&} Data Mining, {KDD} 2018, London, UK, August
19-23, 2018},
 pages = {974--983},
 title = {Graph Convolutional Neural Networks for Web-Scale Recommender Systems},
 year = {2018}
}

@inproceedings{hamilton2017inductive,
 author = {William L. Hamilton and
Zhitao Ying and
Jure Leskovec},
 booktitle = {Advances in Neural Information Processing Systems 30: Annual Conference
on Neural Information Processing Systems 2017, December 4-9, 2017,
Long Beach, CA, {USA}},
 pages = {1024--1034},
 title = {Inductive Representation Learning on Large Graphs},
 year = {2017}
}

@inproceedings{niepert2016learning,
 author = {Mathias Niepert and
Mohamed Ahmed and
Konstantin Kutzkov},
 booktitle = {Proceedings of the 33nd International Conference on Machine Learning,
{ICML} 2016, New York City, NY, USA, June 19-24, 2016},
 pages = {2014--2023},
 series = {{JMLR} Workshop and Conference Proceedings},
 title = {Learning Convolutional Neural Networks for Graphs},
 volume = {48},
 year = {2016}
}

@article{徐冰冰2020图卷积神经网络综述,
 author = {徐冰冰，岑科廷，黄俊杰，沈华伟，程学旗},
 journal = {计算机学报},
 number = {5},
 pages = {755--780},
 title = {图卷积神经网络综述},
 volume = {43},
 year = {2020}
}

@article{hammond2011wavelets,
 author = {Hammond, David K and Vandergheynst, Pierre and Gribonval, R{\'e}mi},
 journal = {Applied and Computational Harmonic Analysis},
 number = {2},
 pages = {129--150},
 title = {Wavelets on graphs via spectral graph theory},
 volume = {30},
 year = {2011}
}

@inproceedings{xu2018graph,
 author = {Bingbing Xu and
Huawei Shen and
Qi Cao and
Yunqi Qiu and
Xueqi Cheng},
 booktitle = {7th International Conference on Learning Representations, {ICLR} 2019,
New Orleans, LA, USA, May 6-9, 2019},
 title = {Graph Wavelet Neural Network},
 year = {2019}
}

@inproceedings{defferrard2016convolutional,
 author = {Micha{\"{e}}l Defferrard and
Xavier Bresson and
Pierre Vandergheynst},
 booktitle = {Advances in Neural Information Processing Systems 29: Annual Conference
on Neural Information Processing Systems 2016, December 5-10, 2016,
Barcelona, Spain},
 pages = {3837--3845},
 title = {Convolutional Neural Networks on Graphs with Fast Localized Spectral
Filtering},
 year = {2016}
}

@book{chung1997spectral,
 author = {Chung, Fan RK and Graham, Fan Chung},
 number = {92},
 title = {Spectral graph theory},
 year = {1997}
}

@inproceedings{bruna2014spectral,
 author = {Bruna, Joan and Zaremba, Wojciech and Szlam, Arthur and LeCun, Yann},
 booktitle = {2nd International Conference on Learning Representations, ICLR 2014},
 title = {Spectral networks and deep locally connected networks on graphs},
 year = {2014}
}

@inproceedings{grover2016node2vec,
 author = {Aditya Grover and
Jure Leskovec},
 booktitle = {Proceedings of the 22nd {ACM} {SIGKDD} International Conference on
Knowledge Discovery and Data Mining, San Francisco, CA, USA, August
13-17, 2016},
 pages = {855--864},
 title = {node2vec: Scalable Feature Learning for Networks},
 year = {2016}
}

@inproceedings{tang2015line,
 author = {Jian Tang and
Meng Qu and
Mingzhe Wang and
Ming Zhang and
Jun Yan and
Qiaozhu Mei},
 booktitle = {Proceedings of the 24th International Conference on World Wide Web,
{WWW} 2015, Florence, Italy, May 18-22, 2015},
 pages = {1067--1077},
 title = {{LINE:} Large-scale Information Network Embedding},
 year = {2015}
}

@inproceedings{perozzi2014deepwalk,
 author = {Bryan Perozzi and
Rami Al{-}Rfou and
Steven Skiena},
 booktitle = {The 20th {ACM} {SIGKDD} International Conference on Knowledge Discovery
and Data Mining, {KDD} '14, New York, NY, {USA} - August 24 - 27,
2014},
 pages = {701--710},
 title = {DeepWalk: online learning of social representations},
 year = {2014}
}

@article{mikolov2013efficient,
 author = {Mikolov, Tomas and Chen, Kai and Corrado, Greg and Dean, Jeffrey},
 journal = {arXiv preprint arXiv:1301.3781},
 title = {Efficient estimation of word representations in vector space},
 year = {2013}
}

@inproceedings{ng2002spectral,
 author = {Andrew Y. Ng and
Michael I. Jordan and
Yair Weiss},
 booktitle = {Advances in Neural Information Processing Systems 14 [Neural Information
Processing Systems: Natural and Synthetic, {NIPS} 2001, December 3-8,
2001, Vancouver, British Columbia, Canada]},
 pages = {849--856},
 title = {On Spectral Clustering: Analysis and an algorithm},
 year = {2001}
}

@techreport{page1999pagerank,
 author = {Page, Lawrence and Brin, Sergey and Motwani, Rajeev and Winograd, Terry},
 institution = {Stanford InfoLab},
 title = {The PageRank citation ranking: Bringing order to the web.},
 year = {1999}
}

@article{shuman2013emerging,
 author = {Shuman, David I and Narang, Sunil K and Frossard, Pascal and Ortega, Antonio and Vandergheynst, Pierre},
 journal = {IEEE signal processing magazine},
 number = {3},
 pages = {83--98},
 title = {The emerging field of signal processing on graphs: Extending high-dimensional data analysis to networks and other irregular domains},
 volume = {30},
 year = {2013}
}

@article{hinton2012deep,
 author = {Hinton, Geoffrey and Deng, Li and Yu, Dong and Dahl, George E and Mohamed, Abdel-rahman and Jaitly, Navdeep and Senior, Andrew and Vanhoucke, Vincent and Nguyen, Patrick and Sainath, Tara N and others},
 journal = {IEEE Signal processing magazine},
 number = {6},
 pages = {82--97},
 title = {Deep neural networks for acoustic modeling in speech recognition: The shared views of four research groups},
 volume = {29},
 year = {2012}
}

@inproceedings{hu2014convolutional,
 author = {Baotian Hu and
Zhengdong Lu and
Hang Li and
Qingcai Chen},
 booktitle = {Advances in Neural Information Processing Systems 27: Annual Conference
on Neural Information Processing Systems 2014, December 8-13 2014,
Montreal, Quebec, Canada},
 pages = {2042--2050},
 title = {Convolutional Neural Network Architectures for Matching Natural Language
Sentences},
 year = {2014}
}

@inproceedings{ioffe2015batch,
 author = {Sergey Ioffe and
Christian Szegedy},
 booktitle = {Proceedings of the 32nd International Conference on Machine Learning,
{ICML} 2015, Lille, France, 6-11 July 2015},
 pages = {448--456},
 series = {{JMLR} Workshop and Conference Proceedings},
 title = {Batch Normalization: Accelerating Deep Network Training by Reducing
Internal Covariate Shift},
 volume = {37},
 year = {2015}
}

@inproceedings{he2016deep,
 author = {Kaiming He and
Xiangyu Zhang and
Shaoqing Ren and
Jian Sun},
 booktitle = {2016 {IEEE} Conference on Computer Vision and Pattern Recognition,
{CVPR} 2016, Las Vegas, NV, USA, June 27-30, 2016},
 pages = {770--778},
 title = {Deep Residual Learning for Image Recognition},
 year = {2016}
}

@inproceedings{simonyan2014very,
 author = {Karen Simonyan and
Andrew Zisserman},
 booktitle = {3rd International Conference on Learning Representations, {ICLR} 2015,
San Diego, CA, USA, May 7-9, 2015, Conference Track Proceedings},
 title = {Very Deep Convolutional Networks for Large-Scale Image Recognition},
 year = {2015}
}

@inproceedings{krizhevsky2012imagenet,
 author = {Alex Krizhevsky and
Ilya Sutskever and
Geoffrey E. Hinton},
 booktitle = {Advances in Neural Information Processing Systems 25: 26th Annual
Conference on Neural Information Processing Systems 2012. Proceedings
of a meeting held December 3-6, 2012, Lake Tahoe, Nevada, United States},
 pages = {1106--1114},
 title = {ImageNet Classification with Deep Convolutional Neural Networks},
 year = {2012}
}

@book{rosenblatt1957perceptron,
 author = {Rosenblatt, Frank},
 title = {The perceptron, a perceiving and recognizing automaton Project Para},
 year = {1957}
}

@article{fisher1936use,
 author = {Fisher, Ronald A},
 journal = {Annals of eugenics},
 number = {2},
 pages = {179--188},
 title = {The use of multiple measurements in taxonomic problems},
 volume = {7},
 year = {1936}
}

@article{mirbauer2021survey,
 author = {Mirbauer, Martin and Krabec, Miroslav and Krivanek, Jaroslav and Sikudova, Elena},
 journal = {IEEE Transactions on Pattern Analysis and Machine Intelligence},
 title = {Survey and Evaluation of Neural 3D Shape Classification Approaches},
 year = {2021}
}

@article{bouckaert2019weka,
 author = {Bouckaert, Remco R and Frank, Eibe and Hall, Mark and Kirkby, Richard and Reutemann, Peter and Seewald, Alex and Scuse, David},
 journal = {University of Waikato, Hamilton, New Zealand},
 title = {WEKA manual for version 3-8-4},
 year = {2019}
}

@misc{ytb_mooc,
 author = {WekaMOOC},
 howpublished = {\url{http://www.youtube.com/playlist?list=PLm4W7_iX_v4NqPUjceOGd-OKNVO4c_cPD/}},
 note = {Accessed October, 2017},
 title = {Data Mining with Weka}
}

@book{qiu2020nndl,
 author = {邱锡鹏},
 isbn = {9787111649687},
 title = {神经网络与深度学习},
 year = {2020}
}

@book{thu2021pr,
 author = {张学工，汪小我},
 isbn = {9787302587750},
 title = {模式识别——模式识别与机器学习（第4版）},
 year = {2021}
}

@book{zhou2016ml,
 author = {周志华},
 isbn = {9787302423287},
 title = {机器学习},
 year = {2016}
}

@book{li2019sl,
 author = {李航},
 isbn = {9787302517276},
 title = {统计学习方法（第2版）},
 year = {2016}
}

@book{Quinlan1993,
 author = {Ross Quinlan},
 title = {C4.5: Programs for Machine Learning},
 year = {1993}
}

@misc{Dua:2019,
 author = {Dua, Dheeru and Graff, Casey},
 institution = {University of California, Irvine, School of Information and Computer Sciences},
 title = {{UCI} Machine Learning Repository},
 year = {2017}
}

@article{candanedo2016accurate,
 author = {Candanedo, Luis M and Feldheim, V{\'e}ronique},
 journal = {Energy and Buildings},
 pages = {28--39},
 title = {Accurate occupancy detection of an office room from light, temperature, humidity and CO2 measurements using statistical learning models},
 volume = {112},
 year = {2016}
}

@article{hall2009weka,
 author = {Hall, Mark and Frank, Eibe and Holmes, Geoffrey and Pfahringer, Bernhard and Reutemann, Peter and Witten, Ian H},
 journal = {ACM SIGKDD explorations newsletter},
 number = {1},
 pages = {10--18},
 title = {The WEKA data mining software: an update},
 volume = {11},
 year = {2009}
}

@article{ekwevugbe2013realt,
 author = {Ekwevugbe, Tobore and Brown, Neil and Pakka, Vijay},
 journal = {13th International
Conference for Enhanced Building Operations},
 title = {Real-time building occupancy sensing for supporting demand driven hvac operations},
 year = {2013}
}

@inproceedings{ekwevugbe2013real,
 author = {Ekwevugbe, Tobore and Brown, Neil and Pakka, Vijay and Fan, Denis},
 booktitle = {2013 7th IEEE international conference on digital ecosystems and technologies (DEST)},
 organization = {IEEE},
 pages = {114--119},
 title = {Real-time building occupancy sensing using neural-network based sensor network},
 year = {2013}
}

@inproceedings{Fradkin003,
 author = {Dmitriy Fradkin and David Madigan},
 booktitle = {KDD '03: Proceedings of the ninth ACM SIGKDD international conference on Knowledge discovery and data mining},
 pages = {517-522},
 title = {Experiments with random projections for machine learning},
 year = {003}
}

@inproceedings{Cheng_SaliencyCvpr11,
 author = {Ming{-}Ming Cheng and
Guo{-}Xin Zhang and
Niloy J. Mitra and
Xiaolei Huang and
Shi{-}Min Hu},
 booktitle = {The 24th {IEEE} Conference on Computer Vision and Pattern Recognition,
{CVPR} 2011, Colorado Springs, CO, USA, 20-25 June 2011},
 pages = {409--416},
 title = {Global contrast based salient region detection},
 year = {2011}
}

